@inproceedings{rublee2011orb,
  title={ORB: An efficient alternative to SIFT or SURF},
  author={Rublee, Ethan and Rabaud, Vincent and Konolige, Kurt and Bradski, Gary},
  booktitle={Computer Vision (ICCV), 2011 IEEE international conference on},
  pages={2564--2571},
  year={2011},
  organization={IEEE}
}

@article{smith2009new,
  title={The new college vision and laser data set},
  author={Smith, Mike and Baldwin, Ian and Churchill, Winston and Paul, Rohan and Newman, Paul},
  journal={The International Journal of Robotics Research},
  volume={28},
  number={5},
  pages={595--599},
  year={2009},
  publisher={SAGE Publications Sage UK: London, England}
}

@inproceedings{sturm2012benchmark,
  title={A benchmark for the evaluation of RGB-D SLAM systems},
  author={Sturm, J{\"u}rgen and Engelhard, Nikolas and Endres, Felix and Burgard, Wolfram and Cremers, Daniel},
  booktitle={Intelligent Robots and Systems (IROS), 2012 IEEE/RSJ International Conference on},
  pages={573--580},
  year={2012},
  organization={IEEE}
}

@article{geiger2013vision,
  title={Vision meets robotics: The KITTI dataset},
  author={Geiger, Andreas and Lenz, Philip and Stiller, Christoph and Urtasun, Raquel},
  journal={The International Journal of Robotics Research},
  volume={32},
  number={11},
  pages={1231--1237},
  year={2013},
  publisher={Sage Publications Sage UK: London, England}
}

@online{pyquaternion,
  title={pyquaternion},
  author={{KieranWynn}},
  year={2018},
  url={https://github.com/KieranWynn/pyquaternion},
  urldate={2018-10-21}
}

@online{spektrum,
  author = {Spektrum},
  title = {Spekturm {DX8} Instruction Manual},
  url={https://www.spektrumrc.com/ProdInfo/Files/SPM8800-Manual_EN.pdf},
  urldate={2018-10-15}
}

@online{matlab-icp,
  title={pcregistericp},
  author={{MathWorks}},
  year={2018},
  url={https://au.mathworks.com/help/vision/ref/pcregistericp.html},
  urldate={2018-10-14}
}

@online{realsense2-camera-git,
  title={{ROS} Wrapper for {Intel RealSense} Devices},
  author={Intel},
  year={2018},
  url={https://github.com/intel-ros/realsense/#installation-instructions},
  urldate={2018-10-13}
}

@online{realsense2-camera,
  title={{realsense2\_camera}},
  author={Sergey Dorodnicov, Doron Hirshberg},
  year={2018},
  url={{http://wiki.ros.org/realsense_camera}},
  urldate={2018-10-13}
}

@online{realsense-camera,
  title={{realsense\_camera}},
  author={Rajvi Jingar, Reagan Lopez, Matt Hansen, Mark Horn, Sergey Dorodnicov, and Itay Carpis},
  year={2018},
  url={http://wiki.ros.org/realsense_camera},
  urldate={2018-10-13}
}

@online{Qgt,
  title={Download and Install},
  author={{QGroundControl dev team}},
  url={https://docs.qgroundcontrol.com/en/getting_started/download_and_install.html},
  urldate={2018-10-12}
}

@online{mission-planner,
  title={Installing Mission Planner (Windows)},
  author={{ArduPilot dev team}},
  year = {2016},
  url={http://ardupilot.org/planner/docs/mission-planner-installation.html},
  urldate={2018-10-12}
}

@inproceedings{engelhard2011real,
  title={Real-time 3D visual SLAM with a hand-held RGB-D camera},
  author={Engelhard, Nikolas and Endres, Felix and Hess, J{\"u}rgen and Sturm, J{\"u}rgen and Burgard, Wolfram},
  booktitle={Proc. of the RGB-D Workshop on 3D Perception in Robotics at the European Robotics Forum, Vasteras, Sweden},
  volume={180},
  pages={1--15},
  year={2011}
}

@online{openCV-feat,
  title={Feature Matching},
  author={{OpenCV team}},
  url={https://docs.opencv.org/3.4.3/dc/dc3/tutorial_py_matcher.html},
  urldate={2018-10-11}
}

@inproceedings{pumarola2017pl,
  title={PL-SLAM: Real-time monocular visual SLAM with points and lines},
  author={Pumarola, Albert and Vakhitov, Alexander and Agudo, Antonio and Sanfeliu, Alberto and Moreno-Noguer, Francese},
  booktitle={Robotics and Automation (ICRA), 2017 IEEE International Conference on},
  pages={4503--4508},
  year={2017},
  organization={IEEE}
}

@article{mur2015orb,
  title={ORB-SLAM: a versatile and accurate monocular SLAM system},
  author={Mur-Artal, Raul and Montiel, Jose Maria Martinez and Tardos, Juan D},
  journal={IEEE Transactions on Robotics},
  volume={31},
  number={5},
  pages={1147--1163},
  year={2015},
  publisher={IEEE}
}

@incollection{haralick1989pose,
  title={Pose estimation from corresponding point data},
  author={Haralick, Robert M and Joo, Hyonam and Lee, Chung-Nan and Zhuang, Xinhua and Vaidya, Vinay G and Kim, Man Bae},
  booktitle={Machine Vision for Inspection and Measurement},
  pages={1--84},
  year={1989},
  publisher={Elsevier}
}

@article{oberkampf1996iterative,
  title={Iterative pose estimation using coplanar feature points},
  author={Oberkampf, Denis and DeMenthon, Daniel F and Davis, Larry S},
  journal={Computer Vision and Image Understanding},
  volume={63},
  number={3},
  pages={495--511},
  year={1996},
  publisher={Elsevier}
}

@article{gao2003complete,
  title={Complete solution classification for the perspective-three-point problem},
  author={Gao, Xiao-Shan and Hou, Xiao-Rong and Tang, Jianliang and Cheng, Hang-Fei},
  journal={IEEE transactions on pattern analysis and machine intelligence},
  volume={25},
  number={8},
  pages={930--943},
  year={2003},
  publisher={IEEE}
}

@online{openCV-docs,
  title={Camera Calibration and {3D} Reconstruction},
  author={{OpenCV dev team}},
  year = {2014},
  url={https://docs.opencv.org/3.0-beta/modules/calib3d/doc/camera_calibration_and_3d_reconstruction.html},
  urldate={2018-10-11}
}

@online{openCV,
  title={{OpenCV library}},
  author={{OpenCV team}},
  year = {2018},
  url={https://opencv.org/},
  urldate={2018-10-11}
}


@inproceedings{hartley1995defence,
  title={In defence of the 8-point algorithm},
  author={Hartley, Richard I},
  booktitle={Computer Vision, 1995. Proceedings., Fifth International Conference on},
  pages={1064--1070},
  year={1995},
  organization={IEEE}
}

@incollection{haralick1989pose,
  title={Pose estimation from corresponding point data},
  author={Haralick, Robert M and Joo, Hyonam and Lee, Chung-Nan and Zhuang, Xinhua and Vaidya, Vinay G and Kim, Man Bae},
  booktitle={Machine Vision for Inspection and Measurement},
  pages={1--84},
  year={1989},
  publisher={Elsevier}
}

@article{longuet1981computer,
  title={A computer algorithm for reconstructing a scene from two projections},
  author={Longuet-Higgins, H Christopher},
  journal={Nature},
  volume={293},
  number={5828},
  pages={133},
  year={1981},
  publisher={Nature Publishing Group}
}

@inproceedings{morency2002stereo,
  title={Stereo tracking using ICP and normal flow constraint},
  author={Morency, Louis-Philippe and Darrell, Trevor},
  booktitle={null},
  pages={40367},
  year={2002},
  organization={IEEE}
}

@inproceedings{gutierrez2015inverse,
  title={Inverse depth for accurate photometric and geometric error minimisation in RGB-D dense visual odometry},
  author={Guti{\'e}rrez-G{\'o}mez, Daniel and Mayol-Cuevas, Walterio and Guerrero, Josechu J},
  booktitle={Robotics and Automation (ICRA), 2015 IEEE International Conference on},
  pages={83--89},
  year={2015},
  organization={IEEE}
}

@article{bartoli2008groupwise,
  title={Groupwise geometric and photometric direct image registration.},
  author={Bartoli, Adrien},
  journal={IEEE Trans. Pattern Anal. Mach. Intell.},
  volume={30},
  number={12},
  pages={2098--2108},
  year={2008}
}

@inproceedings{newcombe2011dtam,
  title={DTAM: Dense tracking and mapping in real-time},
  author={Newcombe, Richard A and Lovegrove, Steven J and Davison, Andrew J},
  booktitle={Computer Vision (ICCV), 2011 IEEE International Conference on},
  pages={2320--2327},
  year={2011},
  organization={IEEE}
}

@inproceedings{brachmann2014learning,
  title={Learning 6d object pose estimation using 3d object coordinates},
  author={Brachmann, Eric and Krull, Alexander and Michel, Frank and Gumhold, Stefan and Shotton, Jamie and Rother, Carsten},
  booktitle={European conference on computer vision},
  pages={536--551},
  year={2014},
  organization={Springer}
}

@article{zollhofer2014real,
  title={Real-time non-rigid reconstruction using an RGB-D camera},
  author={Zollh{\"o}fer, Michael and Nie{\ss}ner, Matthias and Izadi, Shahram and Rehmann, Christoph and Zach, Christopher and Fisher, Matthew and Wu, Chenglei and Fitzgibbon, Andrew and Loop, Charles and Theobalt, Christian and others},
  journal={ACM Transactions on Graphics (TOG)},
  volume={33},
  number={4},
  pages={156},
  year={2014},
  publisher={ACM}
}

@inproceedings{shotton2013scene,
  title={Scene coordinate regression forests for camera relocalization in RGB-D images},
  author={Shotton, Jamie and Glocker, Ben and Zach, Christopher and Izadi, Shahram and Criminisi, Antonio and Fitzgibbon, Andrew},
  booktitle={Proceedings of the IEEE Conference on Computer Vision and Pattern Recognition},
  pages={2930--2937},
  year={2013}
}

@article{goldschmidt2010identifying,
  title={Identifying the amylome, proteins capable of forming amyloid-like fibrils},
  author={Goldschmidt, Lukasz and Teng, Poh K and Riek, Roland and Eisenberg, David},
  journal={Proceedings of the National Academy of Sciences},
  volume={107},
  number={8},
  pages={3487--3492},
  year={2010},
  publisher={National Acad Sciences}
}

@article{kabsch1988automatic,
  title={Automatic indexing of rotation diffraction patterns},
  author={Kabsch, Wolfgang},
  journal={Journal of Applied Crystallography},
  volume={21},
  number={1},
  pages={67--72},
  year={1988},
  publisher={Wiley Online Library}
}

@article{kabsch2010xds,
  title={Xds},
  author={Kabsch, Wolfgang},
  journal={Acta Crystallographica Section D: Biological Crystallography},
  volume={66},
  number={2},
  pages={125--132},
  year={2010},
  publisher={International Union of Crystallography}
}

@article{horn1988closed,
  title={Closed-form solution of absolute orientation using orthonormal matrices},
  author={Horn, Berthold KP and Hilden, Hugh M and Negahdaripour, Shahriar},
  journal={JOSA A},
  volume={5},
  number={7},
  pages={1127--1135},
  year={1988},
  publisher={Optical Society of America}
}

@article{gao2003complete,
  title={Complete solution classification for the perspective-three-point problem},
  author={Gao, Xiao-Shan and Hou, Xiao-Rong and Tang, Jianliang and Cheng, Hang-Fei},
  journal={IEEE transactions on pattern analysis and machine intelligence},
  volume={25},
  number={8},
  pages={930--943},
  year={2003},
  publisher={IEEE}
}

@incollection{more1978levenberg,
  title={The Levenberg-Marquardt algorithm: implementation and theory},
  author={Mor{\'e}, Jorge J},
  booktitle={Numerical analysis},
  pages={105--116},
  year={1978},
  publisher={Springer}
}

@article{lepetit2009epnp,
  title={Epnp: An accurate o (n) solution to the pnp problem},
  author={Lepetit, Vincent and Moreno-Noguer, Francesc and Fua, Pascal},
  journal={International journal of computer vision},
  volume={81},
  number={2},
  pages={155},
  year={2009},
  publisher={Springer}
}

@article{quan1999linear,
  title={Linear n-point camera pose determination},
  author={Quan, Long and Lan, Zhongdan},
  journal={IEEE Transactions on pattern analysis and machine intelligence},
  volume={21},
  number={8},
  pages={774--780},
  year={1999},
  publisher={IEEE}
}

@article{li2012robust,
  title={A robust O (n) solution to the perspective-n-point problem},
  author={Li, Shiqi and Xu, Chi and Xie, Ming},
  journal={IEEE transactions on pattern analysis and machine intelligence},
  volume={34},
  number={7},
  pages={1444--1450},
  year={2012},
  publisher={Institute of Electrical and Electronics Engineers, Inc., 345 E. 47 th St. NY NY 10017-2394 United States}
}

@article{durrant2006simultaneous,
  title={Simultaneous localization and mapping: part I},
  author={Durrant-Whyte, Hugh and Bailey, Tim},
  journal={IEEE robotics \& automation magazine},
  volume={13},
  number={2},
  pages={99--110},
  year={2006},
  publisher={IEEE}
}

@article{bailey2006simultaneous,
  title={Simultaneous localization and mapping (SLAM): Part II},
  author={Bailey, Tim and Durrant-Whyte, Hugh},
  journal={IEEE Robotics \& Automation Magazine},
  volume={13},
  number={3},
  pages={108--117},
  year={2006},
  publisher={IEEE}
}

@inproceedings{segal2009generalized,
  title={Generalized-icp.},
  author={Segal, Aleksandr and Haehnel, Dirk and Thrun, Sebastian},
  booktitle={Robotics: science and systems},
  volume={2},
  number={4},
  pages={435},
  year={2009}
}

@article{fischler1981random,
  title={Random sample consensus: a paradigm for model fitting with applications to image analysis and automated cartography},
  author={Fischler, Martin A and Bolles, Robert C},
  journal={Communications of the ACM},
  volume={24},
  number={6},
  pages={381--395},
  year={1981},
  publisher={ACM}
}

@article{derpanis2010overview,
  title={Overview of the RANSAC Algorithm},
  author={Derpanis, Konstantinos G},
  journal={Image Rochester NY},
  volume={4},
  number={1},
  pages={2--3},
  year={2010}
}

@online{opencv-3d-reconstruction,
  title={Camera Calibration and 3D Reconstruction},
  author={OpenCV dev team},
  year = {2014},
  url={https://docs.opencv.org/2.4/modules/calib3d/doc/camera_calibration_and_3d_reconstruction.html},
  urldate={2018-08-14}
}

@article{kavraki2009geometric,
  title={Geometric methods in structural computational biology},
  author={Kavraki, Lydia E},
  year={2009},
  publisher={Rice University}
}

@article{kabsch1978discussion,
  title={A discussion of the solution for the best rotation to relate two sets of vectors},
  author={Kabsch, Wolfgang},
  journal={Acta Crystallographica Section A: Crystal Physics, Diffraction, Theoretical and General Crystallography},
  volume={34},
  number={5},
  pages={827--828},
  year={1978},
  publisher={Wiley Online Library}
}

@article{kabsch1976solution,
  title={A solution for the best rotation to relate two sets of vectors},
  author={Kabsch, Wolfgang},
  journal={Acta Crystallographica Section A: Crystal Physics, Diffraction, Theoretical and General Crystallography},
  volume={32},
  number={5},
  pages={922--923},
  year={1976},
  publisher={Wiley Online Library}
}

@book{szeliski2010computer,
  title={Computer vision: algorithms and applications},
  author={Szeliski, Richard},
  year={2010},
  publisher={Springer Science \& Business Media}
}

@article{longuet1981computer,
  title={A computer algorithm for reconstructing a scene from two projections},
  author={Longuet-Higgins, H Christopher},
  journal={Nature},
  volume={293},
  number={5828},
  pages={133},
  year={1981},
  publisher={Nature Publishing Group}
}

@online{tx2-specs,
  title={{NVIDIA JETSON}},
  author={Nvidia},
  year = {2018},
  url={https://www.nvidia.com/en-us/autonomous-machines/embedded-systems-dev-kits-modules/},
  urldate={2018-08-08}
}

@online{mavros,
  title={{MAVROS}},
  author={Dronecode},
  url={https://dev.px4.io/en/ros/mavros_installation.html},
  urldate={2018-08-08}
}

@online{vicon_bridge-git,
  title={vicon bridge},
  author={{ETHZ ASL}},
  year={2015},
  url={https://github.com/ethz-asl/vicon_bridge},
  urldate={2018-08-08}
}

@online{vicon_bridge-ros,
  title={vicon bridge},
  author={Markus Achtelik},
  year={2015},
  url={http://wiki.ros.org/vicon_bridge},
  urldate={2018-08-08}
}

@online{catkin,
  title={Creating a workspace for catkin},
  author={{WilliamWoodall}},
  year={2017},
  url={http://wiki.ros.org/catkin/Tutorials/create_a_workspace},
  urldate={2018-08-08}
}

@online{ros,
  title={Ubuntu install of {ROS} Kinetic},
  author={{DHood}},
  year={2017},
  url={http://wiki.ros.org/kinetic/Installation/Ubuntu},
  urldate={2018-08-08}
}

@online{dataset,
  title={{RGB-D SLAM} Dataset and Benchmark},
  author={Jürgen Sturm},
  year={2017},
  url={https://vision.in.tum.de/data/datasets/rgbd-dataset},
  urldate={2018-07-05}
}

@online{JetsonHacks,
  title = {JetsonHacks | Developing for NVIDIA Jetson},
  author = {{JetsonHacks}},
  year = {2018},
  url = {https://www.jetsonhacks.com/},
  urldate = {2018-05-25}
}

@online{TX2,
  title={{NVIDIA Jetson TX2 Module}},
  author={{NVIDIA}},
  year={2018},
  url={https://developer.nvidia.com/embedded/buy/jetson-tx2},
  urldate={2018-05-14}
}

@online{R200,
  title={{Intel® RealSense™ Camera R200}},
  author={Intel},
  year={2018},
  url={https://ark.intel.com/products/92256/Intel-RealSense-Camera-R200},
  urldate={2018-05-13}
}

@online{D435,
  title={{Intel® RealSense™ Depth Camera D435}},
  author={Intel},
  year={2018},
  url={https://click.intel.com/intelr-realsensetm-depth-camera-d435.html},
  urldate={2018-05-13}
}

@online{install-orbitty,
  title={{Jetson™ Flashing and Setup Guide for a Connect Tech Carrier Board}},
  author={metheis},
  year={2017},
  url={https://github.com/NVIDIA-Jetson/jetson-trashformers/wiki/Jetson%E2%84%A2-Flashing-and-Setup-Guide-for-a-Connect-Tech-Carrier-Board},
  urldate={2018-05-14}
}

@online{TX-guide,
  title={{Jetson TX1 and TX2 Developer Kits}},
  author={{NVIDIA}},
  year={2017},
  url={http://developer.download.nvidia.com/embedded/L4T/r28_Release_v1.0/Docs/Jetson_TX1_and_TX2_Developer_Kits_User_Guide.pdf?8sFhXYgNwByD8egWNLabvhru4ydfz_9d3WxIjgL7xnmy-f3QF2HbMS7nVaX24BFWsIacx5iHxDbIluPi8ZYr1NqN8Y8M6MpTbudkNCWSS1nWkdHxD6QzKcFLGwVdkmjdUuDw1KKad_FfuF24AL7x2D1A6ET2mN6rGvrDy9XyQUuCFptQHSfRDFeQmTERwOSBqx8},
  urldate={2018-05-14}
}


@article{pomerleau2013comparing,
  title={Comparing ICP variants on real-world data sets},
  author={Pomerleau, Fran{\c{c}}ois and Colas, Francis and Siegwart, Roland and Magnenat, St{\'e}phane},
  journal={Autonomous Robots},
  volume={34},
  number={3},
  pages={133--148},
  year={2013},
  publisher={Springer}
}

@inproceedings{rusinkiewicz2001efficient,
  title={Efficient variants of the ICP algorithm},
  author={Rusinkiewicz, Szymon and Levoy, Marc},
  booktitle={3-D Digital Imaging and Modeling, 2001. Proceedings. Third International Conference on},
  pages={145--152},
  year={2001},
  organization={IEEE}
}

@online{librealsense,
  title={Intel RealSense {SDK}},
  author={{Intel RealSense team}},
  year={2018},
  url={https://github.com/IntelRealSense/librealsense},
  urldate={2018-04-17}
}

@online{jetsonhacks-librealsense,
  title={Intel RealSense Camera librealsense - {NVIDIA} Jetson {TX} Dev Kits},
  author={kangalow},
  year={2017},
  url={http://www.jetsonhacks.com/2017/08/14/intel-realsense-camera-librealsense-nvidia-jetson-tx-dev-kits},
  urldate={2018-04-17}
}

@online{librealsense-jetson,
  title={Jetson {TX2} Installation},
  author={{Intel RealSense team}},
  year={2017},
  url={https://github.com/IntelRealSense/librealsense/blob/master/doc/installation_jetson.md},
  urldate={2018-04-17}
}

@article{henry2012rgb,
  title={RGB-D mapping: Using Kinect-style depth cameras for dense 3D modeling of indoor environments},
  author={Henry, Peter and Krainin, Michael and Herbst, Evan and Ren, Xiaofeng and Fox, Dieter},
  journal={The International Journal of Robotics Research},
  volume={31},
  number={5},
  pages={647--663},
  year={2012},
  publisher={SAGE Publications Sage UK: London, England}
}

@inproceedings{kerl2013dense,
  title={Dense visual SLAM for RGB-D cameras},
  author={Kerl, Christian and Sturm, Jurgen and Cremers, Daniel},
  booktitle={Intelligent Robots and Systems (IROS), 2013 IEEE/RSJ International Conference on},
  pages={2100--2106},
  year={2013},
  organization={IEEE}
}

@article{may2009three,
  title={Three-dimensional mapping with time-of-flight cameras},
  author={May, Stefan and Droeschel, David and Holz, Dirk and Fuchs, Stefan and Malis, Ezio and N{\"u}chter, Andreas and Hertzberg, Joachim},
  journal={Journal of Field Robotics},
  volume={26},
  number={11-12},
  pages={934--965},
  year={2009},
  publisher={Wiley Online Library}
}

@inproceedings{nister2003efficient,
  title={An efficient solution to the five-point relative pose problem},
  author={Nister, David},
  booktitle={Computer Vision and Pattern Recognition, 2003. Proceedings. 2003 IEEE Computer Society Conference on},
  volume={2},
  pages={II--195},
  year={2003},
  organization={IEEE}
}